@book{kelly2010technology,
  title={What technology wants},
  author={Kelly, Kevin},
  year={2010},
  publisher={Penguin}
}

@article{lewis1996studying,
  title={Studying the impact of technology on work and jobs},
  author={Lewis, Theodore},
  year={1996},
  journal={Digital Library and Archives of the Virginia Tech University Libraries}
}

@electronic{kairi2019technology,
  title={Technology in Transportation: Economic and Social Impacts},
  url={https://blog.mobility.here.com/technology-in-transportation-economic-and-social-impacts},
  editor={HEREmobility},
  author={Kairi, Sivan Marron},
  year={2019},
  month={May},
  day={27},
  note={Date accessed: 26.05.2020}
}

@article{lewis2010role,
  title={The role of innovation and technology in meeting individual nutritional needs},
  author={Lewis, Kara D and Burton-Freeman, Britt M},
  journal={The Journal of nutrition},
  volume={140},
  number={2},
  pages={426S--436S},
  year={2010},
  publisher={Oxford University Press}
}

@article{mcquillen2003influence,
  title={The influence of technology on the initiation of interpersonal relationships (1)},
  author={McQuillen, Jeffrey S},
  journal={Education},
  volume={123},
  number={3},
  pages={616--624},
  year={2003},
  publisher={Project Innovation (Alabama)}
}

@incollection{crosslin2010course,
  title={Course management meets social networking in {Moodle}},
  author={Crosslin, Matt},
  booktitle={Social Computing: Concepts, Methodologies, Tools, and Applications},
  pages={849--854},
  year={2010},
  publisher={IGI Global}
}

@article{chen2013exploring,
  title={Exploring students’ mobile learning practices in higher education},
  author={Chen, Baiyun and Denoyelles, Aimee},
  journal={Educause Review},
  volume={7},
  pages={1054--1064},
  year={2013}
}

@book{roberts2019behind,
  title={Behind the screen: Content moderation in the shadows of social media},
  author={Roberts, Sarah T},
  year={2019},
  publisher={Yale University Press}
}

@book{farley1998java,
  title={Java distributed computing},
  author={Farley, Jim},
  year={1998},
  publisher={" O'Reilly Media, Inc."},
  pages={257--261}
}

@article{klemm1997benefits,
  title={Benefits of Collaboration Software for On-Site Classes.},
  author={Klemm, WR},
  year={1997},
  publisher={ERIC}
}

@electronic{upb2009elearning,
  title={{„PLATFORMĂ DE E-LEARNING ȘI CURRICULĂ E-CONTENT PENTRU ÎNVĂȚĂMÂNTUL SUPERIOR TEHNIC”,  Proiect nr. 154/323 cod SMIS – 4428}},
  url={http://curs.pub.ro/index.php/cursuri-upb-despre-proiect},
  note={Date accessed: 04.06.2020}
}

@article{hammer2011importance,
  title={The importance of participant demographics},
  author={Hammer, Carol Scheffner},
  journal={American Journal of Speech-Language Pathology},
  volume={20},
  pages={261--262},
  year={2011},
  publisher={American Speech-Language-Hearing Association}
}

@article{connelly2013demographic,
  title={Demographic data in research studies},
  author={Connelly, Lynne M},
  journal={Medsurg Nursing},
  volume={22},
  number={4},
  pages={269--271},
  year={2013},
  publisher={Jannetti Publications, Inc.}
}

@electronic{codette2019stats,
  title={{University Stats: prezența feminină în facultățile cu profil tehnic}},
  author={Popa, Carmen},
  url={https://codette.ro/blog/university-stats-prezenta-feminina-in-facultatile-cu-profil-tehnic/},
  journal={Codette},
  year={2019},
  note={Date accessed: 04.06.2020}
}

@electronic{statcounter2020mobile,
  title={{Mobile Operating System Market Share Romania}},
  author={{StatCounter GlobalStats}},
  url={https://gs.statcounter.com/os-market-share/mobile/romania},
  note={Date accessed: 04.06.2020}
}

@electronic{thirumala2017interaction,
  title={{Interaction Design patterns : iOS vs Android}},
  author={Thirumala, Vedanth},
  url={https://medium.com/@vedantha/interaction-design-patterns-ios-vs-android-111055f8a9b7},
  note={Date accessed: 05.06.2020}
}

@inproceedings{weeks1997design,
  title={How to design an aesthetically-pleasing, ADA-compliant website},
  author={Weeks, Catherine E},
  booktitle={Proceedings of the 25th annual ACM SIGUCCS conference on User services: are you ready?},
  pages={319--326},
  year={1997}
}

@electronic{porter2003testing,
  title={Testing the Three-Click Rule},
  author={Porter, Joshua},
  url={https://articles.uie.com/three_click_rule/},
  note={Date accessed: 05.06.2020}
}

@book{nielsen2006prioritizing,
  title={Prioritizing web usability},
  author={Nielsen, Jakob and Loranger, Hoa},
  year={2006},
  publisher={Pearson Education}
}

@electronic{apple2020human,
  title={{Human Interface Guidelines}},
  author={Apple},
  url={https://developer.apple.com/design/human-interface-guidelines/},
  note={Date accessed: 05.06.2020}
}

@electronic{google2020material,
  title={{Material Design}},
  author={Google},
  url={https://material.io/},
  note={Date accessed: 05.06.2020}
}
