@electronic{albertson2017googlemaps,
  title={{Explore your new campus with Google Maps}},
  url={https://www.blog.google/products/maps/explore-your-new-campus-google-maps},
  editor={Google - The Keyword},
  author={Albertson, Jeff},
  year={2017},
  month={August},
  day={31},
  note={Date accessed: 20.12.2020}
}

@article{aracis2007raport,
    title={{UNIVERSITATEA POLITEHNICA DIN BUCUREȘTI - Raport Privind Evaluarea Externă a Calităţii Academice}},
    url={https://www.aracis.ro/wp-content/uploads/2019/12/BROSURA_PUBLICARE_UPB_1.pdf},
    year={2007},
    author={{Agenţia Română de Asigurarea Calităţii în Învăţământul Superior}}
}

@thesis{alexandru2020acsupbmobile,
  title={Design and implementation of a cross-platform mobile application that facilitates student collaboration},
  url={https://github.com/acs-upb-mobile/paper/blob/master/Design_and_implementation_of_a_cross_platform_mobile_application_that_facilitates_student_collaboration.pdf},
  author={Alexandru, Ioana},
  year={2020}
}

@article{scurtu2020upb,
  title={{UPB Campus}},
  author={Scurtu, Diana},
  journal={Sesiunea de Comunicări Științifice Studențești},
  year={2020},
  publisher={Universitatea "POLITEHNICA" din București}
}

@article{gis2021trilateration,
    title={{Trilateration vs Triangulation – How GPS Receivers Work}},
    url={https://gisgeography.com/trilateration-triangulation-gps},
    year={2021},
}

@article{radiojitter2018triangulation,
    title={{GSM Triangulation Without GPS}},
    url={https://www.radiojitter.com/gsm-trangulation-without-gps},
    year={2018},
}

@article{gps2008performance,
    title={GLOBAL POSITIONING SYSTEM - STANDARD POSITIONING SERVICE PERFORMANCE STANDARD},
    url={https://www.gps.gov/technical/ps/2008-SPS-performance-standard.pdf},
    year={2008},
}

@article{de2014indoor,
  title={An indoor AC magnetic positioning system},
  author={De Angelis, Guido and Pasku, Valter and De Angelis, Alessio and Dionigi, Marco and Mongiardo, Mauro and Moschitta, Antonio and Carbone, Paolo},
  journal={IEEE Transactions on Instrumentation and Measurement},
  volume={64},
  number={5},
  pages={1267--1275},
  year={2014},
  publisher={IEEE}
}

@inproceedings{qiu2017self,
  title={Self-improving indoor localization by profiling outdoor movement on smartphones},
  author={Qiu, Chen and Mutka, Matt W},
  booktitle={2017 IEEE 18th International Symposium on A World of Wireless, Mobile and Multimedia Networks (WoWMoM)},
  pages={1--9},
  year={2017},
  organization={IEEE}
}

@article{dingeldein2019bingvsgoogle,
    title={Bing Maps vs. Google Maps: Comparing the Big Players},
    url={https://blog.capterra.com/bing-maps-vs-google-maps},
    year={2019},
    author={Dingeldein, Tirena}
}

@misc{boydcampus,
  title={The Campus Navigator},
  author={Boyd, Bryan and Haigler, Darla and Pearce, Roger and Tang, Xinyu and Patel, Akhil and Amato, Nancy M},
  publisher={Citeseer}
}

@inproceedings{wang2009general,
  title={A general 3D campus navigator system},
  author={Wang, Jing and Lin, Zhi},
  booktitle={2009 Eighth IEEE/ACIS International Conference on Computer and Information Science},
  pages={1074--1078},
  year={2009},
  organization={IEEE}
}

@article{graham2003pathfinding,
  title={Pathfinding in computer games},
  author={Graham, Ross and McCabe, Hugh and Sheridan, Stephen},
  journal={ITB Journal},
  volume={8},
  pages={57--81},
  year={2003},
  publisher={Citeseer}
}

@article{graham2004neural,
  title={Neural networks for real-time pathfinding in computer games},
  author={Graham, Ross and McCabe, Hugh and Sheridan, Stephen},
  journal={ITB J},
  volume={5},
  number={1},
  pages={21},
  year={2004}
}

@electronic{harrower2020to3d,
  title={{To 3D or not to 3D?}},
  url={https://storymaps.arcgis.com/stories/85df1e904cbb49c8ad169be4bc927016},
  editor={ArcGIS StoryMaps},
  author={Harrower, Mark},
  year={2020},
  month={February},
  day={12},
  note={Date accessed: 13.02.2022}
}

@electronic{ranieri2020liveview,
  title={{A new sense of direction with Live View}},
  url={https://blog.google/products/maps/new-sense-direction-live-view/},
  editor={Google The Keyword},
  author={Ranieri, Mirko},
  year={2020},
  month={October},
  day={1},
  note={Date accessed: 10.02.2022}
}

@electronic{glasgow2021mapai,
  title={{Redefining what a map can be with new information and AI}},
  url={https://blog.google/products/maps/redefining-what-map-can-be-new-information-and-ai/},
  editor={Google The Keyword},
  author={Glasgow, Dane},
  year={2021},
  month={March},
  day={30},
  note={Date accessed: 10.02.2022}
}

@electronic{gmaps2021japan,
  title={{Google マップ で東京駅や渋谷駅などJR東日本の主要駅や商業施設での屋内ナビゲーションがより便利に}},
  url={https://japan.googleblog.com/2021/07/google-jr.html},
  editor={Google Japan Blog},
  year={2021},
  month={July},
  day={5},
  note={Date accessed: 10.02.2022}
}

@electronic{senzer2021magiceraser,
  title={{Photobombs begone with Magic Eraser in Google Photos}},
  url={https://blog.google/products/photos/magic-eraser/},
  editor={Google The Keyword},
  author={Senzer, Zachary and Sarma, Navin},
  year={2021},
  month={October},
  day={19},
  note={Date accessed: 10.02.2022}
}

@electronic{makarov2021arnavigation,
  title={{How Augmented Reality Navigation Systems Work}},
  url={https://mobidev.biz/blog/augmented-reality-indoor-navigation-app-developement-arkit},
  editor={MobiDev},
  author={Makarov, Andrew},
  year={2021},
  month={June},
  day={14},
  note={Date accessed: 08.02.2022}
}

@electronic{hardy2020arnavigation,
  title={{Creating an ARCore powered indoor navigation application in Unity}},
  url={https://blog.raccoons.be/arcore-powered-indoor-navigation-unity},
  editor={raccoons.be},
  author={Hardy, Jan},
  year={2020},
  note={Date accessed: 05.05.2022}
}

@electronic{mendez2018arnavigation,
  title={{Indoor Real-Time Navigation with SLAM on Your Mobile}},
  url={https://community.arm.com/arm-community-blogs/b/graphics-gaming-and-vr-blog/posts/indoor-real-time-navigation-with-slam-on-your-mobile},
  editor={Arm Community},
  author={Lopez Mendez, Roberto},
  year={2018},
  note={Date accessed: 06.05.2022}
}