@book{turla1983time,
  title={Time Management Made Easy},
  author={Turla, P.A. and Hawkins, K.L.},
  isbn={9780525480785},
  lccn={83005690},
  url={https://books.google.ro/books?id=zf4JAQAAMAAJ},
  year={1983},
  publisher={Dutton}
}

@article{deb2014information,
  title={Information technology, its impact on society and its future},
  author={Deb, Sagarmay},
  journal={Advances in Computing},
  volume={4},
  number={1},
  pages={25--29},
  year={2014}
}

@article{butler2002barriers,
  title={Barriers to adopting technology},
  author={Butler, Darrell L and Sellbom, Martin},
  journal={Educause Quarterly},
  volume={2},
  number={1},
  pages={22--28},
  year={2002}
}

@article{peper2014increase,
  title={Increase productivity, decrease procrastination, and increase energy},
  author={Peper, Erik and Harvey, Richard and Lin, I-Mei and Duvvuri, Padma},
  journal={Biofeedback},
  volume={42},
  number={2},
  pages={82--87},
  year={2014},
  publisher={the Association for Applied Psychophysiology and Biofeedback}
}

@incollection{russo1999first,
  title={A first step in developing a Web application design methodology: understanding the environment},
  author={Russo, Nancy L and Graham, Brian R},
  booktitle={Methodologies for Developing and Managing Emerging Technology Based Information Systems},
  pages={24--33},
  year={1999},
  publisher={Springer}
}

@inproceedings{traynor2016media,
  title={Media selection: A method for understanding user choices among popular social media platforms},
  author={Traynor, Brian and Hodson, Jaigris and Wilkes, Gil},
  booktitle={International Conference on HCI in Business, Government, and Organizations},
  pages={106--117},
  year={2016},
  organization={Springer}
}

@electronic{statcounter2021mobileos,
title ={{Mobile Operating System Market Share Worldwide}},
author = {{StatCounter}},
url = {https://gs.statcounter.com/os-market-share/mobile/worldwide},
note = {Date accessed: 28.06.2021},
year = {2021}
}


@electronic{digital2021romania,
title ={{DIGITAL 2021: ROMANIA}},
author = {{Hootsuite \& We Are Social}},
url = {https://datareportal.com/reports/digital-2021-romania},
year = {2021}
}

@article{ioana2020upb,
  title={Design and Implementation of a Cross-Platform Mobile Application That Facilitates Student Collaboration},
  author={Alexandru, Ioana},
  url = {https://github.com/student-hub/paper/blob/master/Design_and_implementation_of_a_cross_platform_mobile_application_that_facilitates_student_collaboration.pdf}, 
  year={2020},
  publisher={Universitatea "POLITEHNICA" din București}
}

@electronic{upb2012bologna,
title ={{REGULAMENT de organizare şi funcţionare a Centrului de Resurse de Informare și. Documentare (CRID) şi de recunoaştere a perioadelor de studii efectuate în străinătate}},
author = {{Universitatea "POLITEHNICA" din București}},
url = {https://upb.ro/wp-content/uploads/2018/02/5REGUL1.pdf},
year = {2012}
}

@electronic{unibuc2019regulament,
title ={{REGULAMENT privind activitatea profesională a stundeților}},
author = {{Universitatea din București}},
url = {https://unibuc.ro/wp-content/uploads/2019/10/Regulament-privind-activitatea-profesional\%C4\%83-a-studentilor-modificat-2019.pdf},
year = {2019}
}

@electronic{upb2013regulament,
title ={{REGULAMENT privind organizarea şi desfăşurarea procesului de învăţământ universitar de licenţă în Universitatea POLITEHNICA din Bucureşti}},
author = {{Universitatea "POLITEHNICA" din București }},
url = {https://upb.ro/wp-content/uploads/2017/11/regulament_licenta.pdf},
year = {2013}
}

@electronic{ase2020regulament,
title ={{Carta Academiei de Studii Economice din București}},
author = {{Academiei de Studii Economice din București}},
url = {https://www.ase.ro/ase_responsive/Metodologii/carta.pdf},
year = {2020}
}

@electronic{utcn2020regulament,
title ={{METODOLOGIA DE EXAMINARE (EVALUARE) A STUDENŢILOR DIN UNIVERSITATEA TEHNICĂ DIN CLUJ-NAPOCA}},
author = {{Universitatea Tehnică din Cluj-Napoca}},
url = {https://www.utcluj.ro/media/page_document/157/Metodologia_de_examinare_a_studentilor_Ziuz0K1.pdf}
}

@electronic{google2006calendar,
title ={{It's about time}},
author = {{Carl Sjogreen}},
url = {https://googleblog.blogspot.com/2006/04/its-about-time.html},
note = {Date accessed: 28.06.2021},
year = {2006}
}

@electronic{mobile2021market,
title ={{104 Fascinating Mobile Marketing Statistics \& Facts for 2021}},
author = {{WebsiteBuilder}},
url = {https://websitebuilder.org/blog/mobile-marketing-statistics/},
note = {Date accessed: 28.06.2021},
year = {2021}
}

@electronic{statcounter2021google,
title ={{Search Engine Market Share Worldwide, May 2020 - May 2021}},
author = {{StatCounter}},
url = {https://gs.statcounter.com/search-engine-market-share},
note = {Date accessed: 28.06.2021},
year = {2021}
}

@inproceedings{adl1998fast,
  title={Fast, effective code generation in a just-in-time Java compiler},
  author={Adl-Tabatabai, Ali-Reza and Cierniak, Micha{\l} and Lueh, Guei-Yuan and Parikh, Vishesh M and Stichnoth, James M},
  booktitle={Proceedings of the ACM SIGPLAN 1998 conference on Programming language design and implementation},
  pages={280--290},
  year={1998}
}

@incollection{kuzmin2020experience,
  title={Experience of Developing a Mobile Application Using Flutter},
  author={Kuzmin, Nikita and Ignatiev, Konstantin and Grafov, Denis},
  booktitle={Information Science and Applications},
  pages={571--575},
  year={2020},
  publisher={Springer}
}


@electronic{flutter2020introduction,
title ={{Introduction to Flutter BLoC}},
author = {{Tadas, Petra}},
url = {https://itnext.io/introduction-to-flutter-bloc-524510218c86},
note = {Date accessed: 28.06.2021},
year = {2020}
}


@electronic{ibm2020arhi,
title ={{Three-Tier Architecture}},
author = {{IBM Cloud Education}},
url = {https://www.ibm.com/cloud/learn/three-tier-architecture},
note = {Date accessed: 28.06.2021}
}



@electronic{flutter2019bloc,
title ={{Getting Started with the BLoC Pattern}},
author = {{Kayfitz, Brian}},
url = {https://www.raywenderlich.com/4074597-getting-started-with-the-bloc-pattern},
note = {Date accessed: 28.06.2021},
year = {2019}
}

@mastersthesis{muller2021web,
  title={Web technologies on the desktop: an early look at Flutter},
  author={M{\"u}ller, Elias},
  type={{B.S.} thesis},
  year={2021}
}

@electronic{apple2020human,
  title={{Human Interface Guidelines}},
  author={Apple},
  url={https://developer.apple.com/design/human-interface-guidelines/},
  note={Date accessed: 29.06.2021}
}

@electronic{google2020material,
  title={{Material Design}},
  author={Google},
  url={https://material.io/},
  note={Date accessed: 29.06.2020}
}

@article{wilson2003gantt,
  title={Gantt charts: A centenary appreciation},
  author={Wilson, James M},
  journal={European Journal of Operational Research},
  volume={149},
  number={2},
  pages={430--437},
  year={2003},
  publisher={Elsevier}
}

@electronic{google2016ai,
  title={{GOOGLE CALENDAR ‘GOALS’ UPDATE USES ARTIFICIAL INTELLIGENCE TO MAKE ITS USERS INTO BETTER PEOPLE}},
  author={Griffin, Andrew},
  url={https://www.independent.co.uk/life-style/gadgets-and-tech/news/google-calendar-goals-update-uses-artificial-intelligence-make-its-users-better-people-a6982516.html},
  note={Date accessed: 29.06.2021}
}