@electronic{ioana2020paper,
  title={Design and Implementation of a Cross-Platform Mobile Application That Facilitates Student Collaboration},
  url={https://github.com/student-hub/paper/blob/master/Design_and_implementation_of_a_cross_platform_mobile_application_that_facilitates_student_collaboration.pdf},
  author={Alexandru, Ioana},
  year={2020},
  month={July},
  day={16},
  note={Date accessed: 09.06.2021}
}

@electronic{gates2013ted,
    title={Teachers need real feedback},
    url={https://www.ted.com/talks/bill_gates_teachers_need_real_feedback},
    author= {Gates, Bill},
    year={2013},
    month={May},
    note={Date accessed: 21.06.2021}
}

@article{musharraf2016sabina,
  title={Students' feedback: An effective tool in teachers' evaluation system},
  author={Husain, Musharraf and Khan, Sabina},
  journal={International Journal of Applied and Basic Medical Research},
  volume={6},
  pages={178--181},
  year={2016},
  publisher={Wolters Kluwer - Medknow}
}

@article{anna2011rowe,
  title={The personal dimension in teaching: why students value feedback},
  author={Rowe, Anna},
  journal={International Journal of Educational Management. Available: http://dx.doi.org/10.1108/09513541111136630},
  volume={25},
  number={4},
  pages={343--360},
  year={2011},
  month={May},
  day={17},
  publisher={Emerald Group Publishing Limited}
}

@article{mary2008sara,
    title={Feedback: An essential element of student
    learning in clinical practice},
    author={Clynes, Mary P. and Raftery, Sara E.C.},
    journal={Nurse Education in Practice},
    volume={8},
    pages={405--411},
    year={2008},
    publisher={Elsevier Ltd.}
}

@electronic{cne2021feedback,
  title={Consiliul Naţional al Elevilor propune Ministerului Educației un mecanism de feedback semestrial față de activitatea profesorilor},
  author={I., R.},
  url={https://www.hotnews.ro/stiri-educatie-24745331-consiliul-national-elevilor-propune-ministerului-educatiei-mecanism-feedback-semestrial-fata-activitatea-profesorilor.htm},
  journal={HotNews},
  year={2021},
  note={Date accessed: 21.06.2021}
}

@electronic{wiki2020so,
  title={Anunțuri},
  url={https://ocw.cs.pub.ro/courses/so/meta/anunturi?rev=1598446962},
  author={Systems Laboratory},
  year={2020},
  publisher={SO - page crunch},
  note={Date accessed: 21.06.2021}
}

@article{dichev2017gamification,
  title={Gamifying education: what is known, what is believed and what remains uncertain: a critical review},
  author={Dichev, C. and Dicheva, D.},
  journal={International Journal of Educational Technology in Higher Education. Available: https://doi.org/10.1186/s41239-017-0042-5},
  volume={14},
  year={2017},
  month={February},
  day={20}
}

@article{feedbackmedicine2011,
  title={Feedback in the emergency medicine clerkships},
  author={Bernard, Aaron W. and Kman, Nicholas E. and Khandelwal, Sorabh},
  journal={Western Journal of Emergency Medicine. Available: https://doi.org/10.5811/westjem.2010.9.2014},
  volume={12},
  number={4},
  pages={537--542},
  year={2011},
  month={November}
}

@article{feedbackpolitics2014,
  title={Policy Feedback and the Politics of Administration},
  author={Moynihan, Donald P. and Soss, Joe},
  journal={Public Administration Review. Available: https://doi.org/10.1111/puar.12200},
  volume={74},
  number={3},
  pages={320--332},
  year={2014},
  month={April},
  day={16},
  publisher={The American Society for Public Administration}
}

@article{feedbackeducation2019,
  author = {Michael Henderson and Tracii Ryan and Michael Phillips},
  title = {The challenges of feedback in higher education},
  journal = {Assessment \& Evaluation in Higher Education. Available: https://doi.org/10.1080/02602938.2019.1599815},
  volume = {44},
  number = {8},
  pages = {1237-1252},
  year  = {2019}, 
  publisher = {Routledge}
}

@article{hasan2012,
  title = {Preserving privacy of feedback providers in decentralized reputation systems},
  author = {Omar Hasan and Lionel Brunie and Elisa Bertino},
  journal = {Computers \& Security. Available: https://doi.org/10.1016/j.cose.2011.12.003},
  volume = {31},
  number = {7},
  pages = {816--826},
  year = {2012},
  note = {IFIP/SEC 2010 "Security \& Privacy − Silver Linings in the Cloud"},
  issn = {0167-4048}
}

@electronic{ruberto2018chaos,
  title={How to Use a Customer Feedback Database to Turn Insights into Action},
  author={Ruberto, Eileen},
  url={https://zapier.com/blog/ux-customer-feedback-database/},
  note={Date accessed: 26.06.2021}
}

@article{roszkowski1990,
  title = {Believe it or not! longer questionnaires have lower response rates},
  author = {Roszkowski, M. J. and Bean, A. G.},
  journal = {Journal of Business and Psychology. Available: https://doi.org/10.1007/BF01013611},
  volume = {4},
  number = {4},
  pages = {495--509},
  year = {1990},
  month={June}
}

@article{reja2003questions,
  title = {Open-ended vs. Close-ended Questions in Web Questionnaires},
  author = {Reja, Ursa and Manfreda, Katja and Hlebec, Valentina and Vehovar, Vasja},
  year = {2003},
  month = {January},
  volume = {19},
  journal = {Adv Methodol Stats}
}

@book{brian2009technology,
  title={The Nature of Technology: What It Is and How It Evolves},
  author={Brian Arthur, W.},
  year={2009},
  month={August},
  publisher={Free Press}
}

@article{flutter2020experience,
  title={Experience of Developing a Mobile Application Using Flutter},
  author={Kuzmin, Nikita and Ignatiev, Konstantin and Grafov, Denis},
  journal={Information Science and Applications. Available: https://doi.org/10.1007/978-981-15-1465-4\_56},
  volume={621},
  pages={571--575},
  year={2020},
  publisher={Springer, Singapore}
}

@INPROCEEDINGS{2009design,
  author={Ayob, Nurul Zakiah binti and Hussin, Ab. Razak Che and Dahlan, Halina Mohamed},
  booktitle={2009 International Conference on Information Management and Engineering}, 
  title={Three Layers Design Guideline for Mobile Application}, 
  year={2009},
  pages={427-431},
  doi={10.1109/ICIME.2009.99}
}

@electronic{teleskop10000,
  title={O aplicație care permite profesorilor să primească feedback anonim de la elevi, Teleskop, a fost actualizată. Fondatorii: 10.000 de completări până acum},
  author={Redacția EduPedu},
  url={https://www.edupedu.ro/o-aplicatie-care-permite-profesorilor-sa-primeasca-feedback-anonim-de-la-elevi-teleskop-a-fost-actualizata-fondatorii-10-000-de-completari-pana-acum/},
  note={Date accessed: 29.06.2021}
}

@electronic{reviewvsfeedback,
  title={Review vs Feedback vs Testimonial},
  author={Sheen},
  url={https://www.reviewadda.com/institute/article/158/review-vs-feedback-vs-testimonial},
  note={Date accessed: 27.06.2021}
}

@electronic{questionestablishment,
  title={Best Practices and Sample Questions for Course Evaluation Surveys},
  author={University of Wisconsin-Madison},
  url={https://assessment.provost.wisc.edu/best-practices-and-sample-questions-for-course-evaluation-surveys/},
  note={Date accessed: 27.06.2021}
}
