@book{herbertsimon,
  title={Designing organizations for an information-rich world},
  author={Simon, H. A. and Deutsch, Karl W. and Shubik, Martin},
  isbn={9780801811357},
  pages={40-41},
  year={1971},
  publisher={The Johns Hopkins University Press}
}

@misc{clayshirky,
    title={Web 2.0 Expo NY: Clay Shirky (shirky.com) It's Not Information Overload. It's Filter Failure},
    url={https://www.youtube.com/watch?v=LabqeJEOQyI},
    journal={YouTube},
    author={O'Reilly},
    year={2008},
    month={Sep.},
    note={Date accessed: 18.05.2022}
}

@misc{googleio_material,
    title={Google I/O 2014 - Material design principles},
    url={https://www.youtube.com/watch?v=isYZXwaP3Q4},
    journal={YouTube},
    author={Google Developers},
    year={2014},
    month={Jun.},
    note={Date accessed: 09.06.2022}
}

@electronic{busting-goldfish-myth,
    title={Busting the Great ‘Goldfish Attention Span’ Myth},
    url={https://bettermarketing.pub/busting-the-great-goldfish-attention-span-myth-8150ba9af0ef},
    journal={https://bettermarketing.pub/},
    author={RT, Annisa},
    year={2021},
    month={Jun.},
    note={Date accessed: 18.05.2022}
}

@misc{declarative-paradigm-image,
    author={{Flutter docs}},
    title={Start thinking declaratively},
    url={https://docs.flutter.dev/development/data-and-backend/state-mgmt/declarative}
}

@article{tunikova-info-overload,
    title={Are We Consuming Too Much Information?},
    url={https://medium.com/@tunikova_k/are-we-consuming-too-much-information-b68f62500089},
    author={Tunikova, Oksana},
    journal={Medium},
    year={2018},
    month={Jun.},
    note={Date accessed: 20.05.2022}
}

@article{targetsdk-meaning,
    title={CompileSdkVersion and targetSdkVersion — what is the difference?},
    url={https://proandroiddev.com/compilesdkversion-and-targetsdkversion-what-is-the-difference-b4227c663ba8},
    author={Sadowska, Paulina},
    journal={Medium},
    year={2021},
    month={Jun.},
    day={9},
    note={Date accessed: 20.06.2022}
}

@article{death-info-overload,
    title={Death by Information Overload},
    url={https://hbr.org/2009/09/death-by-information-overload},
    author={Hemp, Paul},
    publisher={Harvard Business Review},
    year={2009},
    month={Sep.},
    note={Date accessed: 20.05.2022}
}

@article{ioana-alexandru-paper,
  title={Design and Implementation of a Cross-Platform Mobile Application That Facilitates Student Collaboration},
  url={https://github.com/student-hub/paper/blob/master/Design_and_implementation_of_a_cross_platform_mobile_application_that_facilitates_student_collaboration.pdf},
  author={Alexandru, Ioana},
  year={2020},
  month={July},
  day={16}
}

@article{ioana-alexandru-permission-levels,
  title={Design and Implementation of a Cross-Platform Mobile Application That Facilitates Student Collaboration},
  url={https://github.com/student-hub/paper/blob/master/Design_and_implementation_of_a_cross_platform_mobile_application_that_facilitates_student_collaboration.pdf},
  author={Alexandru, Ioana},
  pages={36--37},
  year={2020},
  month={July},
  day={16}
}

@article{ioana-alexandru-relevance-field,
  title={Design and Implementation of a Cross-Platform Mobile Application That Facilitates Student Collaboration},
  url={https://github.com/student-hub/paper/blob/master/Design_and_implementation_of_a_cross_platform_mobile_application_that_facilitates_student_collaboration.pdf},
  author={Alexandru, Ioana},
  pages={51},
  year={2020},
  month={July},
  day={16}
}

@article{ioana-alexandru-flutter-choice,
  title={Design and Implementation of a Cross-Platform Mobile Application That Facilitates Student Collaboration},
  url={https://github.com/student-hub/paper/blob/master/Design_and_implementation_of_a_cross_platform_mobile_application_that_facilitates_student_collaboration.pdf},
  author={Alexandru, Ioana},
  pages={46--47},
  year={2020},
  month={July},
  day={16}
}

@electronic{jacobs_law,
    title={Jacob's Law},
    url={https://lawsofux.com/jakobs-law/},
    note={Date accessed: 09.06.2022}
}

@article{gamified-systems-paper,
    title={Exploring the use of gamified systems in training and work environments},
    url={https://www.researchgate.net/publication/331197384_Exploring_the_use_of_gamified_systems_in_training_and_work_environments},
    journal={The 15th International Scientific Conference eLearning and Software for Education Bucharest, April 11-12, 2019},
    author={Ștefan, Ioana Andreea and Ștefan, Antoniu and Goldbach, Ioana Raluca and Hamza-Lup, Felix G.},
    year={2019},
    month={Apr.}
}

@article{whatisflutter,
    title={What Is Flutter? Its Benefits and Limitations},
    url={https://medium.flutterdevs.com/what-is-flutter-its-benefits-and-limitations-c795c94dfb16},
    author={Sharma, Siddharth},
    journal={Medium},
    year={2020},
    month={Jul.},
    note={Date accessed: 03.06.2022}
}

@article{students_smartphones,
    title={Smartphone Use of University Students:Patterns, Purposes, and Situations},
    author={Ataș, Amine Hatun and Çelik, Berkan},
    url={https://eric.ed.gov/?id=EJ1214011},
    journal={Malaysian Online Journal of Educational Technology},
    year={2019}
}

@electronic{gates2013ted,
    title={Teachers need real feedback},
    url={https://www.ted.com/talks/bill_gates_teachers_need_real_feedback},
    author= {Gates, Bill},
    year={2013},
    month={May},
    note={Date accessed: 21.06.2021}
}

@article{musharraf2016sabina,
  title={Students' feedback: An effective tool in teachers' evaluation system},
  author={Husain, Musharraf and Khan, Sabina},
  journal={International Journal of Applied and Basic Medical Research},
  volume={6},
  pages={178--181},
  year={2016},
  publisher={Wolters Kluwer - Medknow}
}

@article{anna2011rowe,
  title={The personal dimension in teaching: why students value feedback},
  author={Rowe, Anna},
  journal={International Journal of Educational Management. Available: http://dx.doi.org/10.1108/09513541111136630},
  volume={25},
  number={4},
  pages={343--360},
  year={2011},
  month={May},
  day={17},
  publisher={Emerald Group Publishing Limited}
}

@article{serverless-services,
    title={Serverless Computing: A Survey of Opportunities,
Challenges, and Applications},
    author={Shafiei, Hossein and Khonsari, Ahmad and Mousavi, Payam},
    url={https://arxiv.org/pdf/1911.01296.pdf},
    year={2021},
    month={June},
    day={4},
}

@electronic{marketshare_apps_apple,
    title={Most popular Apple App Store categories as of 1st quarter 2022, by share of available apps},
    url={https://www.statista.com/statistics/270291/popular-categories-in-the-app-store/},
    publisher={Statista},
    note={Date accessed: 09.06.2022}
}

@electronic{marketshare_apps_android,
    title={Most popular Google Play app categories as of 1st quarter 2022, by share of available apps},
    url={https://www.statista.com/statistics/279286/google-play-android-app-categories/},
    publisher={Statista},
    note={Date accessed: 09.06.2022}
}
